@book{cmsMuonProject,
      title         = "{The CMS muon project: Technical Design Report}",
      publisher     = "CERN",
      collaboration = "CMS Collaboration",
      address       = "Geneva",
      series        = "Technical Design Report CMS",
      year          = "1997",
}
@article{bunchedBeamTest,
title = "Bunched beam test of the {CMS} drift tubes local muon trigger ",
journal = "Nucl. Inst. Meth. A: Accelerators, Spectrometers, Detectors and Associated Equipment",
volume = "534",
number = "3",
pages = "441",
year = "2004",
note = "",
doi = "10.1016/j.nima.2004.06.169",
url = "http://www.sciencedirect.com/science/article/pii/S0168900204016559",
author = "P. Arce and M. Bellato and M. Benettoni and A. Benvenuti and D. Bonacorsi and M. Bontenackels and J. Caballero and V. Cafaro and P. Capiluppi and L. Castellani and F.R. Cavallo and M. Cerrada and P. Checchia and N. Colino and E. Conti and M. Corvo and B. de la Cruz and F. Dal Corso and G.M. Dallavalle and M. De Giorgi and F. Fabbri and A. Fanfani and C. Fernandez and J. Fernández de Trocóniz and M.C. Fouz and P. Garcia Abia and F. Gasparini and U. Gasparini and P. Giacomelli and V. Giordano and F. Gonella and C. Grandi and L. Guiducci and M. Gulmini and T. Hebbeker and J.M. Hernandez and K. Hoepfner and I. Josa and S. Lacaprara and I. Lippi and R. Mameghani and S. Marcellini and G. Maron and R. Martinelli and S. Maselli and G. Masetti and A.T. Meneguzzo and G. Meng and V. Monaco and A. Montanari and F. Montecassiano and F. Navarria and F. Odorici and M. Passaseo and M. Pegoraro and C. Peroni and A. Perrotta and A.J. Ponte Sancho and J. Puerta and H. Reithler and A. Romero and L. Romero and P. Ronchese and A. Rossi and T. Rovelli and R. Sacchi and A. Staiano and N. Toniolo and E. Torassa and G. Torromeo and R. Travaglini and S. Vanini and L. Ventura and S. Ventura and C. Villanueva and C. Willmott and M. Zanetti and L. Zangrando and P. Zotto and G. Zumerle",
keywords = "{CMS}",
keywords = "Muon trigger "
}

