@TECHREPORT{hcalTDR,
     AUTHOR    = "{CMS Collaboration}",
     TITLE     = "The {H}adron {C}alorimeter {T}echnical {D}esign {R}eport",
     YEAR      = "1997",
     NUMBER    = "1997/31",
     URL       = "http://cdsweb.cern.ch/record/357153/"}

