@TECHREPORT{schedule,
     AUTHOR       = "{A. de Roeck, F. Moortgat,}",
     TITLE        = "",
     TYPE      = "{CMS} internal communication",
     NUMBER       = "",
     URL          = "",
     YEAR         = ""}
@TECHREPORT{mtt_concept,
     AUTHOR       = "{A.~Montanari et al.}",
     TITLE        = "Muon Trigger Upgrade at SLHC: Muon Track fast Tag",
     TYPE      = "{CMS-IN-2007/058}",
     NUMBER       = "",
     URL          = "",
     YEAR         = ""}
@TECHREPORT{pt_threshold,
     AUTHOR       = "{CMS Collaboration}",
     TITLE        = "Technical Proposal for the Upgrade of the {CMS} detector through 2020",
     TYPE      = "{CERN-LHCC-2011-006}",
     NUMBER       = "",
     URL          = "",
     YEAR         = ""}
@TECHREPORT{upgrade_planning,
     author    = "{D. Contardo,}",
     TYPE	="{CMS} internal communication",
     title     = ""
}
@TECHREPORT{dn2014-020,
     AUTHOR		= "{Y.~Erdogan et al.}",
     TITLE		= "Hardware development for the Muon Track fast Tag (MTT) : prototype detectors and simulation studies",
     TYPE		= "{CMS-DN-2014/020}",
     NUMBER       = "",
     URL          = "",
     YEAR         = ""
}

