@manual{ simon:hamamatsuSiPM3mm,
    Author = "Hamamatsu",
    title = "S10362-33-series Data Sheet",
    year = "2009",
    month = "November",
    howpublished = "Website",
    url = "http://www.hamamatsu.com/resources/pdf/ssd/s10362-33_series_kapd1023e05.pdf",
    lastchecked = {18.04.2013}
}

@manual{simon:Cowan,
      Author = "Glen Cowan",
      title = "{Error Analysis for Efficiency}",
      year = "2008",
      url = {www.pp.rhul.ac.uk/~cowan/stat/notes/efferr.pdf},
      lastchecked = {10.08.2013}
}

@manual{simon:saintGobainBC404,
    Author = {{Saint Gobain}},
    title = "Plastic Scintillators Data Sheet",
    year = "2008",
    month = "July",
    howpublished = "Website",
    url = "http://www.detectors.saint-gobain.com/uploadedFiles/SGdetectors/Documents/Product_Data_Sheets/BC400-404-408-412-416-Data-Sheet.pdf",
    lastchecked = {18.04.2013}
} 
